<record><leader>00000cas a22000007a 4500</leader><controlfield tag="001">17655543</controlfield><controlfield tag="008">880321c19749999ohudr ne      0    0eng d</controlfield><datafield ind1=" " ind2=" " tag="010"><subfield code="a">sn 88078284 </subfield></datafield><datafield ind1=" " ind2=" " tag="040"><subfield code="a">ONP</subfield><subfield code="b">eng</subfield><subfield code="c">ONP</subfield><subfield code="d">NPH</subfield><subfield code="d">ONP</subfield><subfield code="d">OCLCQ</subfield></datafield><datafield ind1=" " ind2=" " tag="042"><subfield code="a">msc</subfield></datafield><datafield ind1="0" ind2=" " tag="130"><subfield code="a">Morning journal (Lisbon, Ohio ed.)</subfield></datafield><datafield ind1="1" ind2="0" tag="245"><subfield code="a">Morning journal.</subfield></datafield><datafield ind1=" " ind2=" " tag="250"><subfield code="a">Lisbon, Ohio ed.</subfield></datafield><datafield ind1=" " ind2=" " tag="260"><subfield code="a">Lisbon, O. [Ohio] :</subfield><subfield code="b">Buckeye Pub. Co.,</subfield><subfield code="c">1974-</subfield></datafield><datafield ind1=" " ind2=" " tag="300"><subfield code="a">v.</subfield></datafield><datafield ind1=" " ind2=" " tag="310"><subfield code="a">Daily,</subfield><subfield code="b">Sept. 19, 1982-</subfield></datafield><datafield ind1=" " ind2=" " tag="321"><subfield code="a">Daily (except Sun.),</subfield><subfield code="b">Nov. 11, 1974-Sept. 18, 1982</subfield></datafield><datafield ind1="0" ind2=" " tag="362"><subfield code="a">Vol. 1, no. 1 (Nov. 11, 1974)-</subfield></datafield><datafield ind1=" " ind2=" " tag="580"><subfield code="a">Absorbed: Leetonia courier, 1975, and: Ledger (Columbiana, Ohio), 1984.</subfield></datafield><datafield ind1=" " ind2=" " tag="752"><subfield code="a">United States</subfield><subfield code="b">Ohio</subfield><subfield code="c">Columbiana</subfield><subfield code="d">Lisbon.</subfield></datafield><datafield ind1="0" ind2=" " tag="775"><subfield code="t">Morning journal (East Palestine, Ohio ed.)</subfield><subfield code="w">(DLC)sn 88078309</subfield></datafield><datafield ind1="0" ind2="0" tag="780"><subfield code="t">Evening journal and the Buckeye State</subfield><subfield code="w">(DLC)sn 88078310</subfield></datafield><datafield ind1="1" ind2="5" tag="780"><subfield code="t">Leetonia courier</subfield><subfield code="w">(DLC)sn 88078350</subfield></datafield><datafield ind1="1" ind2="5" tag="780"><subfield code="t">Ledger (Columbiana, Ohio)</subfield><subfield code="w">(DLC)sn 88078349</subfield></datafield></record>